%% LaTeX2e file `refs.bib'
%% generated by the `filecontents' environment
%% from source `pres' on 2017/01/18.
%%
@inproceedings{walshaw2000multilevel,
  title={A multilevel algorithm for force-directed graph ssdrawing},
  author={Walshaw, Chris},
  booktitle={International Symposium on Graph Drawing},
  pages={171--182},
  year={2000},
  organization={Springer}
}
